@book{fedotova,
	author = {},
	title = { Федотова, М. А. Проектное финансирование и анализ : учебное пособие для бакалавриата и магистратуры / М. А. Федотова, И. А. Никонова, Н. А. Лысова.},
	date = {2018},
	publisher = {Издательство Юрайт},
	location = {М.},
	pagetotal = {144},
	note = {(Серия : Бакалавр и магистр. Модуль.)}
}
